
@book{en1,
   author = {Kelley, Carl T},
   title = {{Solving Nonlinear Equations with Newton's Method}},
   address = {Philadelphia},
   publisher = {Society for Industrial Applied Mathematics},
   pages = {39-41},
   year = {2003},
}

@article{en2,
  title={Numerical Methods for Solving Systems of Nonlinear Equations},
  author={Remani, Courtney},
  journal={Lakehead University Thunder Bay, Ontario, Canada},
  year={2013},
  pages={6-10}
}

@book{cn1,
   author = {李庆扬 and 王能超 and 易大义},
   title = {{数值分析}},
   edition = {第五版},
   address = {北京},
   publisher = {清华大学出版社},
   pages = {222-226, 234-236},
   year = {2008},
}

@book{cn2,
   author = {钟尔杰 and 黄廷祝},
   title = {{数值分析}},
   address = {北京},
   publisher = {高等教育出版社},
   pages = {30-35},
   year = {2004},
}

@article{cn3,
   author = {谢世坤 and 段芳 and 李强征 and 罗志扬 and 郑慧玲},
   title = {{非线性方程组求解的三种Newton法比较}},
   journal = {井冈山学院学报(自然科学)},
   volume = {27},
   number = {08},
   pages = {8-11},
   year = {2006},
   type = {Journal Article}
}

@article{cn4,
   author = {徐瑞民},
   title = {{二元非线性方程组求根的牛顿迭代法}},
   journal = {山东轻工业学院学报},
   volume = {23},
   number = {04},
   pages = {89-91},
   year = {2009},
   type = {Journal Article}
}